@misc{lfc,
  title        = {{Latex Font Catalogue}},
  author       = {},
  year         = {},
  note         = {Online checked on 16.06.2022},
  howpublished = {\url{https://tug.org/FontCatalogue/}}
}
